111111111111111111111111111111111111111111111111111111111111111
111111111111111111111111111111111111111111111111111111111111111
111111111111111111111111111111111111111111111111111111111111111
111111111111111111111111111111111111111111111111111111111111111
111111111111111111111111111111111111111111111111111111111111111
111111111111111111111111111111111111111111111111111111111111111
111111111111111111111111111111111111111111111111111111111111111
111111111111111111111111111111111111111111111111111111111111111
111111111111111111111111111111111111111111111111111111111111111
111111111111111111111111111111111111111111111111111111111111111
111111111111111111111111111111111111111111111111111111111111111
111111111111111111111111111111111111111111111111111111111111111
111111111111111111111111111111111111111111111111111111111111111
111111111111111111111111111111111111111111111111111111111111111
111111111111111111111111111111111111111111111111111111111111111
11111111111111111111111111111111111111111111111
222222222222222222222222222222222222222222222222222222222222222
222222222222222222222222222222222222222222222222222222222222222
222222222222222222222222222222222222222222222222222222222222222
222222222222222222222222222222222222222222222222222222222222222
222222222222222222222222222222222222222222222222222222222222222
222222222222222222222222222222222222222222222222222222222222222
222222222222222222222222222222222222222222222222222222222222222
222222222222222222222222222222222222222222222222222222222222222
222222222222222222222222222222222222222222222222222222222222222
222222222222222222222222222222222222222222222222222222222222222
222222222222222222222222222222222222222222222222222222222222222
222222222222222222222222222222222222222222222222222222222222222
222222222222222222222222222222222222222222222222222222222222222
222222222222222222222222222222222222222222222222222222222222222
222222222222222222222222222222222222222222222222222222222222222
22222222222222222222222222222222222222222222222
333333333333333333333333333333333333333333333333333333333333333
333333333333333333333333333333333333333333333333333333333333333
333333333333333333333333333333333333333333333333333333333333333
333333333333333333333333333333333333333333333333333333333333333
333333333333333333333333333333333333333333333333333333333333333
333333333333333333333333333333333333333333333333333333333333333
333333333333333333333333333333333333333333333333333333333333333
333333333333333333333333333333333333333333333333333333333333333
333333333333333333333333333333333333333333333333333333333333333
333333333333333333333333333333333333333333333333333333333333333
333333333333333333333333333333333333333333333333333333333333333
333333333333333333333333333333333333333333333333333333333333333
333333333333333333333333333333333333333333333333333333333333333
333333333333333333333333333333333333333333333333333333333333333
333333333333333333333333333333333333333333333333333333333333333
33333333333333333333333333333333333333333333333
444444444444444444444444444444444444444444444444444444444444444
444444444444444444444444444444444444444444444444444444444444444
444444444444444444444444444444444444444444444444444444444444444
444444444444444444444444444444444444444444444444444444444444444
444444444444444444444444444444444444444444444444444444444444444
444444444444444444444444444444444444444444444444444444444444444
444444444444444444444444444444444444444444444444444444444444444
444444444444444444444444444444444444444444444444444444444444444
444444444444444444444444444444444444444444444444444444444444444
444444444444444444444444444444444444444444444444444444444444444
444444444444444444444444444444444444444444444444444444444444444
444444444444444444444444444444444444444444444444444444444444444
444444444444444444444444444444444444444444444444444444444444444
444444444444444444444444444444444444444444444444444444444444444
444444444444444444444444444444444444444444444444444444444444444
44444444444444444444444444444444444444444444444
|||||||||||||||||||||||||||||||||||||||||||||||||||||||||||||||
|||||||||||||||||||||||||||||||||||||||||||||||||||||||||||||||
|||||||||||||||||||||||||||||||||||||||||||||||||||||||||||||||
|||||||||||||||||||||||||||||||||||||||||||||||||||||||||||||||
|||||||||||||||||||||||||||||||||||||||||||||||||||||||||||||||
|||||||||||||||||||||||||||||||||||||||||||||||||||||||||||||||
|||||||||||||||||||||||||||||||||||||||||||||||||||||||||||||||
||||||||||||||||||||||||||||||||||||||||||||||||||||?:+
